@book{knuth1984,
  author    = {Donald E. Knuth},
  title     = {The TeXbook},
  year      = {1984},
  publisher = {Addison-Wesley},
  address   = {Reading, Massachusetts}
}

@article{lamport1994,
  author  = {Leslie Lamport},
  title   = {LaTeX: A Document Preparation System},
  journal = {Software: Practice and Experience},
  year    = {1994},
  volume  = {15},
  number  = {5},
  pages   = {725--735}
}

@inproceedings{mckusick1999,
  author    = {Marshall Kirk McKusick and George V. Neville-Neil},
  title     = {The Design and Implementation of the FreeBSD Operating System},
  booktitle = {Proceedings of the USENIX Annual Technical Conference},
  year      = {1999},
  pages     = {1--12},
  publisher = {USENIX Association}
}
